<record><leader>00000cas a22000007a 4500</leader><controlfield tag="001">13015322</controlfield><controlfield tag="008">860113d1886189upauwr ne      0    0eng d</controlfield><datafield ind1=" " ind2=" " tag="010"><subfield code="a">sn 86081008 </subfield></datafield><datafield ind1=" " ind2=" " tag="040"><subfield code="a">NPH</subfield><subfield code="b">eng</subfield><subfield code="c">NPH</subfield><subfield code="d">OCLCQ</subfield></datafield><datafield ind1=" " ind2=" " tag="042"><subfield code="a">msc</subfield></datafield><datafield ind1="0" ind2="4" tag="245"><subfield code="a">The Mifflinburg times.</subfield></datafield><datafield ind1=" " ind2=" " tag="260"><subfield code="a">Mifflinburg, Pa. :</subfield><subfield code="b">G.W. Foote</subfield></datafield><datafield ind1=" " ind2=" " tag="300"><subfield code="a">v. ;</subfield><subfield code="c">56 cm.</subfield></datafield><datafield ind1=" " ind2=" " tag="310"><subfield code="a">Weekly</subfield></datafield><datafield ind1="1" ind2=" " tag="362"><subfield code="a">Began with Jan. 1, 1886 issue.</subfield><subfield code="z">Cf. Union County's heritage, 1968.</subfield></datafield><datafield ind1=" " ind2=" " tag="588"><subfield code="a">Description based on: Vol. 1, no. 13 (Apr. 10, 1886).</subfield></datafield><datafield ind1=" " ind2=" " tag="752"><subfield code="a">United States</subfield><subfield code="b">Pennsylvania</subfield><subfield code="c">Union</subfield><subfield code="d">Mifflinburg.</subfield></datafield><datafield ind1="0" ind2="0" tag="785"><subfield code="t">Times (Mifflinburg, Pa.)</subfield><subfield code="w">(DLC)sn 86081007</subfield></datafield></record>